@online{google_maps,
    author = {Google Inc.},
    title = {Google Maps},
    url = {https://maps.google.com/}
}
@misc{restaurants_statistics,
        author={National Restaurnt Association.},
        title={Restaurant Industry at a Glance},
        url={https://restaurant.org/downloads/pdfs/state-statistics/newyork.pdf}
}
@misc{fastfood_percent:paper,
        author="National center for Health statistics",
        title={Fast Food Consumption Among Adults in the
United States, 2013–2016 },
        url="https://www.cdc.gov/nchs/data/databriefs/db322-h.pdf"
}
@misc{NewYorkBudget:paper,
        author="Mayor’s Office of Management and Budget",
        title={Message of
the Mayor},
        url="https://www1.nyc.gov/assets/omb/downloads/pdf/mm4-20.pdf"
}